<record><leader>00000cas a22000007a 4500</leader><controlfield tag="001">10692402</controlfield><controlfield tag="008">840504d1897190uctuwr ne      0   a0eng d</controlfield><datafield ind1=" " ind2=" " tag="010"><subfield code="a">sn 84025783 </subfield></datafield><datafield ind1=" " ind2=" " tag="040"><subfield code="a">NPV</subfield><subfield code="b">eng</subfield><subfield code="c">NPV</subfield><subfield code="d">CNW</subfield><subfield code="d">OCLCQ</subfield></datafield><datafield ind1=" " ind2=" " tag="042"><subfield code="a">msc</subfield></datafield><datafield ind1="0" ind2="0" tag="245"><subfield code="a">Southington phoenix.</subfield></datafield><datafield ind1=" " ind2=" " tag="260"><subfield code="a">Southington, Conn. :</subfield><subfield code="b">W.J. Holden</subfield></datafield><datafield ind1=" " ind2=" " tag="300"><subfield code="a">v. :</subfield><subfield code="b">ill.</subfield></datafield><datafield ind1=" " ind2=" " tag="321"><subfield code="a">Semiweekly,</subfield><subfield code="b">&lt;May, 28, 1901&gt;-</subfield></datafield><datafield ind1=" " ind2=" " tag="321"><subfield code="a">Weekly,</subfield><subfield code="b">1897-&lt;Apr. 26, 1900&gt;</subfield></datafield><datafield ind1="0" ind2=" " tag="362"><subfield code="a">Vol. 22, no. 8 (Dec. 16, 1897)-</subfield></datafield><datafield ind1=" " ind2=" " tag="752"><subfield code="a">United States</subfield><subfield code="b">Connecticut</subfield><subfield code="c">Hartford</subfield><subfield code="d">Southington.</subfield></datafield><datafield ind1="0" ind2="0" tag="780"><subfield code="t">Weekly phoenix (Southington, Conn. : 1884)</subfield><subfield code="w">(DLC)sn 93054108</subfield><subfield code="w">(OCoLC)28988948</subfield></datafield><datafield ind1="0" ind2="0" tag="785"><subfield code="t">Southington news, Northampton Valley times</subfield><subfield code="w">(DLC)sn 92051115</subfield><subfield code="w">(OCoLC)25037024</subfield></datafield><datafield ind1="1" ind2=" " tag="029"><subfield code="a">AU@</subfield><subfield code="b">000025838065</subfield></datafield></record>